<record><leader>00000cas a22000007a 4500</leader><controlfield tag="001">14052337</controlfield><controlfield tag="008">860806c19uu9999txudn ne      0    0eng d</controlfield><datafield ind1=" " ind2=" " tag="010"><subfield code="a">sn 86088170 </subfield></datafield><datafield ind1=" " ind2=" " tag="040"><subfield code="a">PPM</subfield><subfield code="b">eng</subfield><subfield code="c">PPM</subfield><subfield code="d">OCLCQ</subfield></datafield><datafield ind1=" " ind2=" " tag="042"><subfield code="a">msc</subfield></datafield><datafield ind1="0" ind2="0" tag="245"><subfield code="a">Borger news-herald.</subfield></datafield><datafield ind1=" " ind2=" " tag="260"><subfield code="a">Borger, Tex. :</subfield><subfield code="b">Panhandle Pub. Co.</subfield></datafield><datafield ind1=" " ind2=" " tag="300"><subfield code="a">v. :</subfield><subfield code="b">ill. ;</subfield><subfield code="c">60 cm.</subfield></datafield><datafield ind1=" " ind2=" " tag="310"><subfield code="a">Daily (except Sun.)</subfield></datafield><datafield ind1=" " ind2=" " tag="500"><subfield code="a">Continues numbering of Borger daily herald.</subfield></datafield><datafield ind1=" " ind2=" " tag="588"><subfield code="a">Description based on: Vol. 28, no. 35 (Jan. 1, 1954).</subfield></datafield><datafield ind1=" " ind2=" " tag="752"><subfield code="a">United States</subfield><subfield code="b">Texas</subfield><subfield code="c">Hutchinson</subfield><subfield code="d">Borger.</subfield></datafield><datafield ind1="0" ind2="0" tag="780"><subfield code="t">Borger daily herald</subfield><subfield code="w">(DLC)sn 86088132</subfield></datafield></record>